@inproceedings{agarwal2008extreme,
  title={Extreme programming for a single person team},
  author={Agarwal, Ravikant and Umphress, David},
  booktitle={Proceedings of the 46th Annual Southeast Regional Conference on XX},
  pages={82--87},
  year={2008},
  organization={ACM}
}