@misc{Laravel,
Annote = {Laravel homepage which gives a vague overview of what Laravel is and provides links to further information},
title = {Laravel - The PHP Framework For Web Artisans},
howpublished = {\url{https://laravel.com/}},
note = {(Accessed on 14/02/2017)}
}
@misc{PopularPHPFrameworks,
annote = {A comparison of the most popular PHP frameworks},
author = {Bruno Skvorc},
title = {The Best PHP Framework for 2015: SitePoint Survey Results},
howpublished = {\url{https://www.sitepoint.com/best-php-framework-2015-sitepoint-survey-results/}},
month = {March},
year = {2015},
note = {(Accessed on 14/02/2017)}
}
@misc{Valet,
Annote ={A guide to Laravel Valet, the lightweight development environment for Mac and Linux},
title = {Laravel Valet - Laravel - The PHP Framework For Web Artisans},
howpublished = {\url{https://laravel.com/docs/5.4/valet}},
note = {(Accessed on 14/02/2017)}
}