%% This BibTeX bibliography file was created using BibDesk.
%% http://bibdesk.sourceforge.net/


%% Created for Neil Taylor at 2014-04-07 22:34:31 +0100 


%% Saved with string encoding Unicode (UTF-8) 


@string{aij = {Artificial Intelligence}}

	
@url{Qwizdom,
	Annote = {Qwizdom is the software that this project is primarily based off.},
	Author = {{Qwizdom, Inc.}},
	Howpublished = {\url{http://qwizdom.com/uk/}},
	Lastchecked = {10th February 2017},
	Title = {{Experts in Audience Response Systems \& Training… | Qwizdom UK}},
	Year = 2017}	

@url{Laravel-architechture,
	annote = {{Describes the architecture of the Laravel framework in more detail}},
	title = {Architecture of Laravel Applications - Laravel Book},
	howpublished = {\url{http://laravelbook.com/laravel-architecture/}},
	year = {2017},
	Lastchecked = {21st April 2017},
}

@url{laravel-validation,
	annote = {{Documentation for how server side validation works within Laravel}},
	title = {Validation - Laravel},
	howpublished = {\url{https://laravel.com/docs/5.4/validation}},
	year = {2017},
	Lastchecked = {5th March 2017},
}

@url{laravel-csrf,
	annote = {{Documentation for how Laravel handles protection from cross site request forgery attacks}},
	title = {CSRF Protection - Laravel},
	howpublished = {\url{https://laravel.com/docs/5.4/csrf/}},
	year = {2017},
	Lastchecked = {6th March 2017},
}

@url{dusk-transactions,
	annote = {{Describes why migrations have to be used rather than transactions, posted as an issue to the test frameworks Github page}},
	author = {{gaddygab and georaldc}},
	title = {[Question] Why Dusk Page Test uses DatabaseMigrations instead of DatabaseTransactions? · Issue \#110 · laravel/dusk},
	howpublished = {\url{https://github.com/laravel/dusk/issues/110}},
	month = {February},
	year = {2017},
	Lastchecked = {7th March 2017},
}
