@misc{Laravel5Guide,
Annote = {A set of videos that guide you through the basics of Laravel 5.},
author = {},
title = {Laravel 5.4 From Scratch},
howpublished = {\url{https://laracasts.com/series/laravel-from-scratch-2017}},
month = {January},
year = {2017},
note = {(Accessed on 16/02/2017)}
}
@misc{PHPLint,
author = {},
title = {PHPLint},
howpublished = {\url{http://www.icosaedro.it/phplint/}},
month = {March},
year = {2016},
note = {(Accessed on 22/02/2017)}
}